<?xml version="1.0" encoding="UTF-8"?><collection xmlns="http://www.loc.gov/MARC21/slim"><record><leader>00481nam--2200133-i-4500</leader><controlfield tag="001">000023569</controlfield><controlfield tag="002">20161230</controlfield><controlfield tag="005">20161230201035</controlfield><controlfield tag="008">060222s1000------------r-----000-0-eng-d</controlfield><datafield ind1=" " ind2=" " tag="080"><subfield code="a">66.097(043)</subfield></datafield><datafield ind1=" " ind2=" " tag="100"><subfield code="a">Gros, Jean-bernard</subfield></datafield><datafield ind1=" " ind2=" " tag="245"><subfield code="a">Reacteurs catalytiques a lit fixe. application de l`analyse des phenomenes de transfert a la prevision du comportement d`un reacteur. these</subfield></datafield><datafield ind1=" " ind2=" " tag="260"><subfield code="a">Toulouse, L`Institut National Politechnique De Toulouse, 1975. 84p.+ /Dif.</subfield></datafield><datafield ind1=" " ind2=" " tag="852"><subfield code="a">44061</subfield></datafield></record></collection>